% Encoding: UTF-8

@Article{palindromo,
  author  = {Wikipedia},
  title   = {Palíndromo},
  journal = {Wikipedia},
  year    = {2016},
}

@Article{bifronte,
  author  = {Wikipedia},
  title   = {Bifronte},
  journal = {Wikipedia},
  year    = {2016},
}

@Article{simetria,
  author  = {Wikipedia},
  title   = {Simetría},
  journal = {Wikipedia},
  year    = {2016},
}

@Article{simetria_especular,
  author  = {Wikipedia},
  title   = {Simetría especular},
  journal = {Wikipedia},
  year    = {2016},
}

@Misc{teoruiz,
  author = {Teo Ruiz},
  title  = {Lemario {DRAE}},
  month  = {octubre},
  year   = {2010},
}

@Comment{jabref-meta: databaseType:bibtex;}
